@book{booss1985topology,
  title={Topology and analysis: the Atiyah-Singer index formula and gauge-theoretic physics},
  author={Booss, B. and Bleecker, D.},
  lccn={84026684},
  series={Universitext (1979)},
  year={1985},
  publisher={Springer-Verlag}
}
@article{kuiper196519,
  title = "The homotopy type of the unitary group of Hilbert space",
  journal = "Topology",
  volume = "3",
  number = "1",
  pages = "19 - 30",
  year = "1965",
  note = "",
  issn = "0040-9383",
  doi = "http://dx.doi.org/10.1016/0040-9383(65)90067-4",
  url = "http://www.sciencedirect.com/science/article/pii/0040938365900674",
  author = "Kuiper, N. H.",
}
@book{atiyah1994k,
  title={K-theory},
  author={Atiyah, M. F. and Anderson, D. W.},
  isbn={9780201407921},
  lccn={88022327},
  series={Advanced Books Classics Series},
  url={https://books.google.co.uk/books?id=RfArvjhOG44C},
  year={1994},
  publisher={Avalon Publishing}
}
@article{adams1960,
 ISSN = {0003486X},
 URL = {http://www.jstor.org/stable/1970147},
 author = {J. F. Adams},
 journal = {Annals of Mathematics},
 number = {1},
 pages = {20-104},
 publisher = {Annals of Mathematics},
 title = {On the Non-Existence of Elements of Hopf Invariant One},
 volume = {72},
 year = {1960}
}
@article{adamsatiyah1966,
author = {Adams, J. F. and Atiyah, M. F.},
title = {K-Theory and the Hopf Invariant},
journal = {The Quarterly Journal of Mathematics},
volume = {17},
number = {1},
pages = {31-38},
year = {1966},
doi = {10.1093/qmath/17.1.31},
}
@article{atiyahsinger1969,
author = {Atiyah, M. F. and Singer, I. M.},
journal = {Publications Mathématiques de l'IHÉS},
keywords = {topology},
language = {eng},
pages = {5-26},
publisher = {Institut des Hautes Études Scientifiques},
title = {Index theory for skew-adjoint Fredholm operators},
url = {http://eudml.org/doc/103903},
volume = {37},
year = {1969},
}
@article{bartlegraves52,
 ISSN = {00029947},
 URL = {http://www.jstor.org/stable/1990709},
 author = {Bartle, R. G. and Graves, L. M.},
 journal = {Transactions of the American Mathematical Society},
 number = {3},
 pages = {400-413},
 publisher = {American Mathematical Society},
 title = {Mappings Between Function Spaces},
 volume = {72},
 year = {1952}
}
@article{abs1964,
title = "Clifford modules",
journal = "Topology",
volume = "3",
number = "Supplement 1",
pages = "3 - 38",
year = "1964",
issn = "0040-9383",
doi = "https://doi.org/10.1016/0040-9383(64)90003-5",
url = "http://www.sciencedirect.com/science/article/pii/0040938364900035",
author = "Atiyah, M. F. and Bott, R. and Shapiro, A."
}
@article{milnor1959,
 kISSN = {00029947},
 URL = {http://www.jstor.org/stable/1993204},
 author = {J. W. Milnor},
 journal = {Transactions of the American Mathematical Society},
 number = {2},
 pages = {272-280},
 publisher = {American Mathematical Society},
 title = {On Spaces Having the Homotopy Type of a CW-Complex},
 volume = {90},
 year = {1959}
}
@article{enflo1973,
author = "Enflo, P.",
doi = "10.1007/BF02392270",
fjournal = "Acta Mathematica",
journal = "Acta Math.",
pages = "309--317",
publisher = "Institut Mittag-Leffler",
title = "A counterexample to the approximation problem in Banach spaces",
url = "https://doi.org/10.1007/BF02392270",
volume = "130",
year = "1973"
}
