@book{SGA1,
  author = {Grothendieck, Alexander},
  title = {Rev\^etements \'etales et groupe fondamental (SGA 1)},
  year = {1971},
  publisher = {Springer-Verlag},
  series = {Lecture notes in mathematics},
  volume = {224},
}

@book{galois_groups_and_fundamental_groups,
  place={Cambridge},
  series={Cambridge Studies in Advanced Mathematics},
  title={Galois Groups and Fundamental Groups},
  DOI={10.1017/CBO9780511627064},
  publisher={Cambridge University Press},
  author={Szamuely, Tam√°s},
  year={2009},
  collection={Cambridge Studies in Advanced Mathematics},
}

