@article{wall-finiteness,
 ISSN = {0003486X},
 URL = {http://www.jstor.org/stable/1970382},
 author = {C. T. C. Wall},
 journal = {Ann. Math},
 fjournal = {Annals of Mathematics},
 number = {1},
 pages = {56-69},
 publisher = {Annals of Mathematics},
 title = {Finiteness Conditions for {CW}-Complexes},
 volume = {81},
 year = {1965}
}
@article{smale-h-cobordism,
 ISSN = {00029327, 10806377},
 URL = {http://www.jstor.org/stable/2372978},
 author = {S. Smale},
 journal = {Am. J. Math},
 fjournal = {American Journal of Mathematics},
 number = {3},
 pages = {387-399},
 publisher = {Johns Hopkins University Press},
 title = {On the Structure of Manifolds},
 volume = {84},
 year = {1962}
}
@article{mazur-s-cobordism,
 ISSN = {0003486X},
 URL = {http://www.jstor.org/stable/1970215},
 author = {B. Mazur},
 fjournal = {Annals of Mathematics},
 journal = {Ann. Math},
 number = {2},
 pages = {232-249},
 publisher = {Annals of Mathematics},
 title = {Relative Neighborhoods and the Theorems of {Smale}},
 volume = {77},
 year = {1963}
}
@inbook{stallings-s-cobordism,
 ISBN = {9780691079455},
 URL = {http://www.jstor.org/stable/j.ctt183pp26.17},
 author = {Stallings, J. R.},
 booktitle = {Differential and Combinatorial Topology: A Symposium in Honor of Marston Morse},
 pages = {245-254},
 publisher = {Princeton University Press},
 title = {On Infinite Processes Leading to Differentiability in the Complement of a Point},
 year = {1965}
}
@article {ranicki,
    AUTHOR = {Ranicki, A.},
     TITLE = {The algebraic theory of finiteness obstruction},
   JOURNAL = {Math. Scand.},
  FJOURNAL = {Mathematica Scandinavica},
    VOLUME = {57},
      YEAR = {1985},
    NUMBER = {1},
     PAGES = {105--126},
      ISSN = {0025-5521},
   MRCLASS = {18F25 (19A31 57Q12)},
  MRNUMBER = {815431},
MRREVIEWER = {Ian Hambleton},
       URL = {https://doi.org/10.7146/math.scand.a-12107},
}
@article {milnor-whitehead-torsion,
    AUTHOR = {Milnor, J.},
     TITLE = {Whitehead torsion},
   JOURNAL = {Bull. Amer. Math. Soc.},
  FJOURNAL = {Bulletin of the American Mathematical Society},
    VOLUME = {72},
      YEAR = {1966},
     PAGES = {358--426},
      ISSN = {0002-9904},
   MRCLASS = {55.40 (55.25)},
  MRNUMBER = {0196736},
MRREVIEWER = {J. F. Adams},
       URL = {https://doi.org/10.1090/S0002-9904-1966-11484-2},
}
@article{chapman-topological-invariance,
 ISSN = {00029327, 10806377},
 URL = {http://www.jstor.org/stable/2373556},
 author = {T. A. Chapman},
 journal = {Am. J. Math},
 fjournal = {American Journal of Mathematics},
 number = {3},
 pages = {488-497},
 publisher = {Johns Hopkins University Press},
 title = {Topological Invariance of {Whitehead} Torsion},
 volume = {96},
 year = {1974}
}
@phdthesis{siebenmann-thesis,
  author = {Siebenmann, L. C.},
  title = {The obstruction to finding a boundary for an open manifold of dimension greater than five},
  school = {Princeton University},
  year = {1965}
}
@misc{lurie-281,
  author = {J. Lurie},
  title = {Algebraic {K}-Theory and Manifold Topology},
  year = {2014},
  howpublished = "\url{http://www.math.harvard.edu/~lurie/281.html}",
  note = {accessed 2018-04-03}
}
@book {k-book,
    AUTHOR = {Weibel, Charles A.},
     TITLE = {The {$K$}-book},
    SERIES = {Graduate Studies in Mathematics},
    VOLUME = {145},
      NOTE = {An introduction to algebraic $K$-theory},
 PUBLISHER = {American Mathematical Society, Providence, RI},
      YEAR = {2013},
     PAGES = {xii+618},
      ISBN = {978-0-8218-9132-2},
   MRCLASS = {19-01},
  MRNUMBER = {3076731},
MRREVIEWER = {L. N. Vaserstein},
}
@article{modules-over-finite-groups,
 ISSN = {0003486X},
 URL = {http://www.jstor.org/stable/1970033},
 author = {D. S. Rim},
 journal = {Annals of Mathematics},
 number = {3},
 pages = {700--712},
 publisher = {Annals of Mathematics},
 title = {Modules Over Finite Groups},
 volume = {69},
 year = {1959}
}
@book {lee-smooth-manifolds,
    AUTHOR = {Lee, J. M.},
     TITLE = {Introduction to smooth manifolds},
    SERIES = {Graduate Texts in Mathematics},
    VOLUME = {218},
   EDITION = {Second},
 PUBLISHER = {Springer, New York},
      YEAR = {2013},
     PAGES = {xvi+708},
      ISBN = {978-1-4419-9981-8},
   MRCLASS = {58-01 (53-01 57-01)},
  MRNUMBER = {2954043},
}
@book {milnor-h-cobordism,
    AUTHOR = {Milnor, J.},
     TITLE = {Lectures on the {$h$}-cobordism theorem},
    SERIES = {Notes by L. Siebenmann and J. Sondow},
 PUBLISHER = {Princeton University Press, Princeton, N.J.},
      YEAR = {1965},
     PAGES = {v+116},
   MRCLASS = {57.10},
  MRNUMBER = {0190942},
MRREVIEWER = {P. E. Conner},
}
@article {manifold-non-stable,
    AUTHOR = {Guilbault, C. R.},
     TITLE = {Manifolds with non-stable fundamental groups at infinity},
   JOURNAL = {Geom. Topol.},
  FJOURNAL = {Geometry and Topology},
    VOLUME = {4},
      YEAR = {2000},
     PAGES = {537--579},
      ISSN = {1465-3060},
   MRCLASS = {57N15 (57Q12)},
  MRNUMBER = {1800296},
MRREVIEWER = {Wilbur Whitten},
       DOI = {10.2140/gt.2000.4.537},
       URL = {https://doi.org/10.2140/gt.2000.4.537},
}
@article{browder-levine,
author = {Browder, W. and Levine, J.},
journal = {Commentarii mathematici Helvetici},
keywords = {topology},
pages = {153-160},
title = {Fibering manifolds over a circle.},
url = {http://eudml.org/doc/139300},
volume = {40},
year = {1965/66},
}
@article{farrell-fiber,
author = "Farrell, F. T.",
fjournal = "Bulletin of the American Mathematical Society",
journal = "Bull. Amer. Math. Soc.",
month = "09",
number = "5",
pages = "737--740",
publisher = "American Mathematical Society",
title = "The obstruction to fibering a manifold over a circle",
url = "https://projecteuclid.org:443/euclid.bams/1183529045",
volume = "73",
year = "1967"
}
@article {siebenmann-fiber,
    AUTHOR = {Siebenmann, L. C.},
     TITLE = {A total {W}hitehead torsion obstruction to fibering over the
              circle},
   JOURNAL = {Comment. Math. Helv.},
  FJOURNAL = {Commentarii Mathematici Helvetici},
    VOLUME = {45},
      YEAR = {1970},
     PAGES = {1--48},
      ISSN = {0010-2571},
   MRCLASS = {57.31},
  MRNUMBER = {0287564},
MRREVIEWER = {R. W. Sharpe},
       DOI = {10.1007/BF02567315},
       URL = {https://doi.org/10.1007/BF02567315},
}
@book {washington-cyclotomic-fields,
    AUTHOR = {Washington, L. C.},
     TITLE = {Introduction to cyclotomic fields},
    SERIES = {Graduate Texts in Mathematics},
    VOLUME = {83},
   EDITION = {Second},
 PUBLISHER = {Springer-Verlag, New York},
      YEAR = {1997},
     PAGES = {xiv+487},
      ISBN = {0-387-94762-0},
   MRCLASS = {11R18 (11-01 11-02 11R23)},
  MRNUMBER = {1421575},
MRREVIEWER = {T. Mets\"ankyl\"a},
       DOI = {10.1007/978-1-4612-1934-7},
       URL = {https://doi.org/10.1007/978-1-4612-1934-7},
}
@article{whitehead-torsion-source,
 ISSN = {00029327, 10806377},
 URL = {http://www.jstor.org/stable/2372133},
 author = {J. H. C. Whitehead},
 journal = {American Journal of Mathematics},
 number = {1},
 pages = {1--57},
 publisher = {Johns Hopkins University Press},
 title = {Simple Homotopy Types},
 volume = {72},
 year = {1950}
}

@misc{luck-surgery,
  author = {W. L\"uck},
  title = {A Basic Introduction to Surgery Theory},
  year = {2002},
  howpublished = "\url{http://131.220.77.52/lueck/data/ictp.pdf}",
  note = {accessed 2018-04-03}
}
@misc{steve-ferry,
  author = {S. Ferry},
  title = {Geometric Topology Notes},
  howpublished = "\url{http://sites.math.rutgers.edu/~sferry/ps/geotop.pdf}",
  note = {accessed 2018-04-03}
}
@article{levine-unknot,
title = "Unknotting spheres in codimension two",
journal = "Topology",
volume = "4",
number = "1",
pages = "9 - 16",
year = "1965",
issn = "0040-9383",
doi = "https://doi.org/10.1016/0040-9383(65)90045-5",
url = "http://www.sciencedirect.com/science/article/pii/0040938365900455",
author = "J. Levine"
}
